03300000         2344257580001930033227100490608824502271 0000130124861 I230 CORONEL MURSA SPE - EMPREBANCO SANTANDER                         22708202213053900589908501600                                                                     
03300011C2031040 2344257580001930033227100490608824502271 0000130124861 I230 CORONEL MURSA SPE - EMPRE                                        Avenida Presidente Juscelino K00000               SAO PAULO           04543900SP00                
0330001300001J000522034425758000193I230 CORONEL MURSA SPE - EMPREENDIMENTOS2044023323000176GRAICHE CONSTRUTORA E IMOBILIARIA LTDA  0000000000000000                                                                                             
0330001300002J00023794908700053281000105090005672939600193590GRAICHE CONSTRUTORA E IMOBILIA2008202200000000532810000000000000000000000000000000027082022000000005328100000000000000000a7d-d17q            1005899000100001      3     AR        
03300015         000004000000000005328100000000000000000000000000                                                                                                                                                                               
03399999         000001000006000000                                                                                                                                                                                                             
