03300000         2394951360001550033227100490659359402271 0000130234719 PLEWADES EMPREENDIMENTOS IMOBIBANCO SANTANDER                         22009202208250600724708501600                                                                     
03300011C2003044 2394951360001550033227100490659359402271 0000130234719 PLEWADES EMPREENDIMENTOS IMOBI                                        Avenida Presidente Juscelino K00000               SAO PAULO           04543900SP00                
0330001300001A0000180010340040000002053594 14829 GERDAU ACOS LONGOS SA   j88-mqyi            20092022   0000000000000000000000005314891007247000100001    20092022000000000000000                                          00005      BD        
0330001300002B   207358761020194                              00000                                                                    0000000000000000000000000000000000000000000000000000000000000000000000000000000            000000        
0330001300003A0000182370009210000000081841 13506 MULTIQUALY SUPRIMENTOS Cj8s-mbmv            20092022   0000000000000000000000009480001007247000100002    20092022000000000000000                                          00005      BD        
0330001300004B   242222124000161                              00000                                                                    0000000000000000000000000000000000000000000000000000000000000000000000000000000            000000        
0330001300005A0000182370239840000000188344 15741 G SOUZA  PORTELA EPP    j9k-ms8l            20092022   0000000000000000000000008000001007247000100003    20092022000000000000000                                          00005      BD        
0330001300006B   218869893000171                              00000                                                                    0000000000000000000000000000000000000000000000000000000000000000000000000000000            000000        
03300015         000008000000000002279489000000000000000000000000                                                                                                                                                                               
03300021C2001044 2394951360001550033227100490659359402271 0000130234719 PLEWADES EMPREENDIMENTOS IMOBI                                        Avenida Presidente Juscelino K00000               SAO PAULO           04543900SP00                
0330002300001A0000000330001600000130018510 14187 VALEBETON CONCRETO      j9w-mskx            20092022   0000000000000000000000026850541007247000200001    20092022000000000000000                                                     AT        
0330002300002B   219869582000507                              00000                                                                    0000000000000000000000000000000000000000000000000000000000000000000000000000000            000000        
0330002300003A0000000330001600000130018510 13570 VALEBETON CONCRETO EIRELjby-mts9            20092022   0000000000000000000000061280191007247000200002    20092022000000000000000                                                     AT        
0330002300004B   219869582000337                              00000                                                                    0000000000000000000000000000000000000000000000000000000000000000000000000000000            000000        
03300025         000006000000000008813073000000000000000000000000                                                                                                                                                                               
03300031C2031040 2394951360001550033227100490659359402271 0000130234719 PLEWADES EMPREENDIMENTOS IMOBI                                        Avenida Presidente Juscelino K00000               SAO PAULO           04543900SP00                
0330003300001J000522039495136000155PLEWADES EMPREENDIMENTOS IMOBILIARIOS LT2007957149000455COMPANHIA NACIONAL DE CIMENTO CNC       0000000000000000                                                                                   AT        
0330003300002J000522039495136000155PLEWADES EMPREENDIMENTOS IMOBILIARIOS LT2038324848000149M S MARIANO TRANSPORTES                 0000000000000000                                                                                   AT        
0330003300003J000522039495136000155PLEWADES EMPREENDIMENTOS IMOBILIARIOS LT2038324848000149M S MARIANO TRANSPORTES                 0000000000000000                                                                                   AT        
0330003300004J000522039495136000155PLEWADES EMPREENDIMENTOS IMOBILIARIOS LT2038324848000149M S MARIANO TRANSPORTES                 0000000000000000                                                                                   AT        
0330003300005J000522039495136000155PLEWADES EMPREENDIMENTOS IMOBILIARIOS LT2007378604000115FD TRANSPORTES LTDA - EPP               0000000000000000                                                                                   AT        
0330003300006J00034197912700010364381092005628092938334626000COMPANHIA NACIONAL DE CIMENTO 2909202200000000103643800000000000000000000000000000020092022000000001036438000000000000000j8e-mr1z            1007247000300001      3     BD        
0330003300007J00034191912400002100001570000016130556998755000M S MARIANO TRANSPORTES       3009202200000000021000000000000000000000000000000000020092022000000000210000000000000000000j8t-mqv3            1007247000300002      3     BD        
0330003300008J00034196912400002100001570000016210556998755000M S MARIANO TRANSPORTES       3009202200000000021000000000000000000000000000000000020092022000000000210000000000000000000j8u-mqv9            1007247000300003      3     BD        
0330003300009J00034192912400002500001570000016390556998755000M S MARIANO TRANSPORTES       3009202200000000025000000000000000000000000000000000020092022000000000250000000000000000000j8x-ms1d            1007247000300004      3     BD        
0330003300010J00000191912500018300000000002501801000000412417FD TRANSPORTES LTDA - EPP     0110202200000000183000000000000000000000000000000000020092022000000001830000000000000000000jae-msuc            1007247000300005      3     BD        
03300035         000012000000000003536438000000000000000000000000                                                                                                                                                                               
03399999         000003000028000000                                                                                                                                                                                                             
